<record xmlns='http://www.loc.gov/MARC21/slim'><leader>02895cam a22005051i 4500</leader><controlfield tag='001'>6417357</controlfield><controlfield tag='005'>20221122134038.0</controlfield><controlfield tag='006'>m||||||||d||||||||</controlfield><controlfield tag='008'>131206t20132013ne a     b    001 0 eng c</controlfield><datafield ind1=' ' ind2=' ' tag='010'><subfield code='a'>  2013030781</subfield></datafield><datafield ind1=' ' ind2=' ' tag='020'><subfield code='a'>9789027226594 (hb : alk. paper)</subfield></datafield><datafield ind1=' ' ind2=' ' tag='020'><subfield code='a'>9027226598 (hb : alk. paper)</subfield></datafield><datafield ind1=' ' ind2=' ' tag='020'><subfield code='a'>9789027271099 (eb)</subfield></datafield><datafield ind1=' ' ind2=' ' tag='020'><subfield code='a'>9027271097 (eb)</subfield></datafield><datafield ind1='8' ind2=' ' tag='024'><subfield code='a'>99956634642</subfield></datafield><datafield ind1=' ' ind2=' ' tag='035'><subfield code='a'>6417357</subfield></datafield><datafield ind1=' ' ind2=' ' tag='040'><subfield code='a'>NhCcYBP</subfield><subfield code='c'>NhCcYBP</subfield><subfield code='e'>rda</subfield></datafield><datafield ind1=' ' ind2='4' tag='050'><subfield code='a'>P302.7</subfield><subfield code='b'>.C47 2013</subfield></datafield><datafield ind1=' ' ind2='7' tag='072'><subfield code='a'>PL</subfield><subfield code='2'>lcco</subfield></datafield><datafield ind1='0' ind2='0' tag='082'><subfield code='a'>495.101/41</subfield><subfield code='2'>23</subfield></datafield><datafield ind1='0' ind2='0' tag='245'><subfield code='a'>Chinese language narration :</subfield><subfield code='b'>culture, cognition, and emotion /</subfield><subfield code='c'>edited by Allyssa McCabe, University of Massachusetts Lowell, Chien-ju Chang, National Taiwan Normal University.</subfield></datafield><datafield ind1=' ' ind2='1' tag='264'><subfield code='a'>Amsterdam ;</subfield><subfield code='a'>Philadelphia :</subfield><subfield code='b'>John Benjamins Publishing Company,</subfield><subfield code='c'>[2013]</subfield></datafield><datafield ind1=' ' ind2='4' tag='264'><subfield code='c'>©2013</subfield></datafield><datafield ind1=' ' ind2=' ' tag='300'><subfield code='a'>1 online resource (viii, 213 pages) :</subfield></datafield><datafield ind1=' ' ind2=' ' tag='336'><subfield code='a'>text</subfield><subfield code='2'>rdacontent</subfield></datafield><datafield ind1=' ' ind2=' ' tag='337'><subfield code='a'>computer</subfield><subfield code='2'>rdamedia</subfield></datafield><datafield ind1=' ' ind2=' ' tag='338'><subfield code='a'>online resource</subfield><subfield code='2'>rdacarrier</subfield></datafield><datafield ind1='1' ind2=' ' tag='490'><subfield code='a'>Studies in narrative,</subfield><subfield code='x'>1568-2706 ;</subfield><subfield code='v'>volume 19</subfield></datafield><datafield ind1=' ' ind2=' ' tag='504'><subfield code='a'>Includes bibliographical references and index.</subfield></datafield><datafield ind1='0' ind2=' ' tag='505'><subfield code='a'>Narrative self-making during dinnertime conversations in Chinese immigrant families / Jessie Bee Kim Koh and Qi Wang -- Evaluation in Mandarin Chinese children&apos;s personal narratives / Chien-ju Chang and Allyssa McCabe -- Chinese and English referential skill in Taiwanese children&apos;s spoken narratives / Ming-hui Sung and Chien-ju Chang -- Global and local connections in Mandarin-speaking children&apos;s narratives : a developmental study based on the frog story / Wen-hui Sah -- Socioeconomic differences in Taiwanese children&apos;s personal narratives : conjunctions, internal state terms, and narrative structures / Wen-Feng Lai -- A study of narrative development of young Chinese children with specific language impairment aged four to six years / Fangfang Zhang -- Narratives of Mandarin-speaking patients with schizophrenia / Ning Hsu, Hintat Cheung, Enan Wang, and Tai-li Chou.</subfield></datafield><datafield ind1=' ' ind2=' ' tag='506'><subfield code='a'>Subscription and registration required for access.</subfield></datafield><datafield ind1=' ' ind2=' ' tag='533'><subfield code='a'>Electronic reproduction.</subfield><subfield code='b'>Ipswich, MA</subfield><subfield code='n'>Available via World Wide Web.</subfield></datafield><datafield ind1=' ' ind2='0' tag='650'><subfield code='a'>Discourse analysis, Narrative.</subfield></datafield><datafield ind1=' ' ind2='0' tag='650'><subfield code='a'>Chinese language</subfield><subfield code='x'>Spoken Chinese.</subfield></datafield><datafield ind1=' ' ind2='0' tag='650'><subfield code='a'>Children</subfield><subfield code='x'>Language.</subfield></datafield><datafield ind1='1' ind2=' ' tag='700'><subfield code='a'>McCabe, Allyssa,</subfield><subfield code='e'>editor of compilation.</subfield></datafield><datafield ind1='1' ind2=' ' tag='700'><subfield code='a'>Chang, Chien-ju,</subfield><subfield code='e'>editor of compilation.</subfield></datafield><datafield ind1='2' ind2=' ' tag='710'><subfield code='a'>EBSCOhost</subfield></datafield><datafield ind1=' ' ind2='0' tag='830'><subfield code='a'>Studies in narrative ;</subfield><subfield code='v'>v. 19.</subfield></datafield><datafield ind1='8' ind2=' ' tag='852'><subfield code='b'>ELECOS</subfield><subfield code='h'>Electronic resource</subfield><subfield code='x'>Available for document delivery - standard copyright restrictions apply</subfield><subfield code='z'>Available for document delivery - standard copyright restrictions apply</subfield></datafield><datafield ind1='4' ind2='0' tag='856'><subfield code='u'>http://search.ebscohost.com/login.aspx?direct=true&amp;scope=site&amp;db=nlebk&amp;db=nlabk&amp;AN=658574</subfield></datafield><datafield ind1=' ' ind2=' ' tag='980'><subfield code='b'>135.00</subfield><subfield code='g'>1</subfield><subfield code='z'>USD</subfield></datafield><datafield ind1=' ' ind2=' ' tag='981'><subfield code='b'>ARC/USF</subfield><subfield code='c'>ELECOS</subfield></datafield><datafield ind1=' ' ind2=' ' tag='982'><subfield code='a'>20140116</subfield></datafield><datafield ind1=' ' ind2=' ' tag='985'><subfield code='a'>1768</subfield></datafield></record>